% Eksempel
@book{AoD,
  author="Thomas H. Cormen, Charles E. Leiserson, Ronald L. Rivest and Clifford Stein",
  title="Introduction to Algorithms",
  publisher="The MIT Press",
  year=1990
}


